@techreport{iea-2022,
  title       = "{Transport sector CO2 emissions by mode in the Sustainable Development Scenario, 2000-2030}",
  author      = "IEA",
  institution = "International Energy Agency",
  address     = "Paris",
  year        = 2022,
  month       = jan,
  url         = "https://www.iea.org/data-and-statistics/charts/transport-sector-co2-emissions-by-mode-in-the-sustainable-development-scenario-2000-2030",
}

@incollection{ahmad-2022,
  title = {Chapter 11 - Environmental sustainability: Challenges and approaches},
  editor = {Manoj Kumar Jhariya and Ram Swaroop Meena and Arnab Banerjee and Surya Nandan Meena},
  booktitle = {Natural Resources Conservation and Advances for Sustainability},
  publisher = {Elsevier},
  pages = {243-270},
  year = {2022},
  isbn = {978-0-12-822976-7},
  doi = {https://doi.org/10.1016/B978-0-12-822976-7.00019-3},
  url = {https://www.sciencedirect.com/science/article/pii/B9780128229767000193},
  author = {Faheem Ahmad and Qamar Saeed and Syed Muhammad Usman Shah and Muhammad Asif Gondal and Saqib Mumtaz},
  keywords = {Agricultural sustainability, Biotechnology, Demographic growth, Green materials, Industrialization and sustainability, Urban sustainability}
}

@article{hanegraaf-2018,
  author = {Hanegraaf, Randall and Jonker, Nicole and Mandley, S. and Miedema, Jelle},
  year = {2018},
  month = {01},
  pages = {},
  title = {Life Cycle Assessment of Cash Payments},
  journal = {SSRN Electronic Journal},
  doi = {10.2139/ssrn.3267868}
}

@techreport{power-2020,
  title       = "{The Time to Green Finance: CDP Financial Services Disclosure Report 2020}",
  author      = "Power, Joseph and McDonald, Jordan and Lefebvre, So and Coleman, Tom",
  institution = "CDP Worldwide",
  address     = "Great Tower Street, London",
  number      = "DOE-SLC-6903-1",
  year        = 2020,
  url         = "https://www.cdp.net/en/research/global-reports/financial-services-disclosure-report-2020"
}

@techreport{rainforest-2021,
  title       = "{Banking on Climate Chaos: Fossil Fuel Finance Report 2022}",
  author      = "Alison Kirsch and Grant Marr and Jason Opena Disterhoft and Henrieke Butijn and Johan Frijns and Maaike Beenes and Alberto Saldamando and Mea Johnson and Collin Rees and David Tong and Kyle Gracey and Lorne Stockman and Clement Faul and Maude Lentilhac and Ryan Cooper and Yann Louvel and Adele Shraiman and Ben Cushing and Julia Dubslaff and Katrin Ganswindt",
  institution = "Rainforest Action Network, BankTrack, Indigenous Environmental Network, Oil Change International, Reclaim Finance, and Sierra Club",
  year        = 2022,
  url         = "https://www.bankingonclimatechaos.org/"
}

@techreport{greenpeace-2021,
  title       = "{The Big Smoke: the global emissions of the UK financial sector}",
  author      = "Jon Dennis and Charlie Kronick and Raymond Dhirani and Anthony Field and Karen Ellis and Becky Jarvis",
  institution = "Greenpeace UK, WWF UK, South Pole",
  year        = 2021,
  month       = may,
  url         = "https://www.southpole.com/publications/the-big-smoke-the-global-emissions-of-the-uk-financial-sector"
}

@techreport{graver-2020,
  title       = "{CO2 Emissions from Commercial Aviation: 2013, 2018, and 2019}",
  author      = "Brandon Graver and Dan Rutherford and Sola Zheng",
  institution = "The International Council on Clean Transportation",
  year        = 2020,
  month       = oct,
  url         = "https://theicct.org/publication/co2-emissions-from-commercial-aviation-2013-2018-and-2019/"
}

@article{cunha-2021,
author = {Cunha, Felipe Arias Fogliano de Souza and Meira, Erick and Orsato, Renato J.},
title = {Sustainable finance and investment: Review and research agenda},
journal = {Business Strategy and the Environment},
year = {2021},
volume = {30},
number = {8},
pages = {3821-3838},
keywords = {environmental, social, and governance (ESG), framework, research agenda, sustainable finance, sustainable investment, systematic literature review},
doi = {https://doi.org/10.1002/bse.2842},
url = {https://onlinelibrary.wiley.com/doi/abs/10.1002/bse.2842},
eprint = {https://onlinelibrary.wiley.com/doi/pdf/10.1002/bse.2842}
}

@Article{kumar-2022,
  author={Kumar, Satish
  and Sharma, Dipasha
  and Rao, Sandeep
  and Lim, Weng Marc
  and Mangla, Sachin Kumar},
  title={Past, present, and future of sustainable finance: insights from big data analytics through machine learning of scholarly research},
  journal={Annals of Operations Research},
  year={2022},
  month={Jan},
  day={04},
  issn={1572-9338},
  doi={10.1007/s10479-021-04410-8},
  url={https://doi.org/10.1007/s10479-021-04410-8}
}

@article{ferris-1986,
  author = {Stephen P. Ferris and Karl P. Rykaczewski},
  title ={Social Investing and Portfolio Management},
  journal = {Business \& Society},
  volume = {25},
  number = {1},
  pages = {1-7},
  year = {1986},
  doi = {10.1177/000765038602500101},
  URL = {https://doi.org/10.1177/000765038602500101},
  eprint = {https://doi.org/10.1177/000765038602500101}
}

@article{laan-2004,
  author = {Van Der Laan, Sandra and Lansbury, Nina},
  title = {Socially Responsible Investing and Climate Change: Contradictions and Challenges},
  journal = {Australian Accounting Review},
  volume = {14},
  number = {34},
  pages = {21-30},
  doi = {https://doi.org/10.1111/j.1835-2561.2004.tb00237.x},
  url = {https://onlinelibrary.wiley.com/doi/abs/10.1111/j.1835-2561.2004.tb00237.x},
  eprint = {https://onlinelibrary.wiley.com/doi/pdf/10.1111/j.1835-2561.2004.tb00237.x},
  year = {2004}
}

@article{hogarth-2012,
  author = {J. Ryan Hogarth},
  title = {The role of climate finance in innovation systems},
  journal = {Journal of Sustainable Finance \& Investment},
  volume = {2},
  number = {3-4},
  pages = {257-274},
  year  = {2012},
  publisher = {Taylor & Francis},
  doi = {10.1080/20430795.2012.742637},
  URL = {https://www.tandfonline.com/doi/abs/10.1080/20430795.2012.742637},
  eprint = {https://www.tandfonline.com/doi/pdf/10.1080/20430795.2012.742637}
}

@Article{aglietta-2015,
  author={Aglietta, Michel
  and Hourcade, Jean-Charles
  and Jaeger, Carlo
  and Fabert, Baptiste Perrissin},
  title={Financing transition in an adverse context: climate finance beyond carbon finance},
  journal={International Environmental Agreements: Politics, Law and Economics},
  year={2015},
  month={Nov},
  day={01},
  volume={15},
  number={4},
  pages={403-420},
  issn={1573-1553},
  doi={10.1007/s10784-015-9298-1},
  url={https://doi.org/10.1007/s10784-015-9298-1}
}

@article{agrawal-2021,
  author = {Anirudh Agrawal and Kai Hockerts},
  title = {Impact investing: review and research agenda},
  journal = {Journal of Small Business \& Entrepreneurship},
  volume = {33},
  number = {2},
  pages = {153-181},
  year  = {2021},
  publisher = {Routledge},
  doi = {10.1080/08276331.2018.1551457},
  URL = {https://doi.org/10.1080/08276331.2018.1551457},
  eprint = {https://doi.org/10.1080/08276331.2018.1551457}
}

@article {alessandrini-2020,
	author = {Alessandrini, Fabio and Jondeau, Eric},
	title = {ESG Investing: From Sin Stocks to Smart Beta},
	volume = {46},
	number = {3},
	pages = {75--94},
	year = {2020},
	doi = {10.3905/jpm.2020.46.3.075},
	publisher = {Institutional Investor Journals Umbrella},
	issn = {0095-4918},
	URL = {https://jpm.pm-research.com/content/46/3/75},
	eprint = {https://jpm.pm-research.com/content/46/3/75.full.pdf},
	journal = {The Journal of Portfolio Management}
}

@misc{siblis-2022,
  author = {Siblis Research Ltd},
  title = "{Total Market Capitalization of Public U.S. Companies}",
  year = {2022},
  month = {March},
  note = {Data retrieved from the Global Equity Valuations of Siblis Research, \url{https://siblisresearch.com/data/us-stock-market-value/}},
}

@article{popescu-2021,
  title = {Measuring the sustainability of investment funds: A critical review of methods and frameworks in sustainable finance},
  journal = {Journal of Cleaner Production},
  volume = {314},
  pages = {128016},
  year = {2021},
  issn = {0959-6526},
  doi = {https://doi.org/10.1016/j.jclepro.2021.128016},
  url = {https://www.sciencedirect.com/science/article/pii/S0959652621022344},
  author = {Ioana-Stefania Popescu and Claudia Hitaj and Enrico Benetto},
  keywords = {Sustainable finance, Sustainability, Impact assessment, Socially responsible investment, Responsible investing, Mutual funds}
}

@article{palmie-2020,
  title = {The evolution of the financial technology ecosystem: An introduction and agenda for future research on disruptive innovations in ecosystems},
  journal = {Technological Forecasting and Social Change},
  volume = {151},
  pages = {119779},
  year = {2020},
  issn = {0040-1625},
  doi = {https://doi.org/10.1016/j.techfore.2019.119779},
  url = {https://www.sciencedirect.com/science/article/pii/S0040162519310595},
  author = {Maximilian Palmi\'{e} and Joakim Wincent and Vinit Parida and Umur Caglar},
  keywords = {Disruptive innovation, Digitalization, Ecosystems, Financial technology, FinTech, Artificial intelligence, Entrepreneurship, Incumbents}
}

@article{sadgali-2019,
    title = {Performance of machine learning techniques in the detection of financial frauds},
    journal = {Procedia Computer Science},
    volume = {148},
    pages = {45-54},
    year = {2019},
    note = {THE SECOND INTERNATIONAL CONFERENCE ON INTELLIGENT COMPUTING IN DATA SCIENCES, ICDS2018},
    issn = {1877-0509},
    doi = {https://doi.org/10.1016/j.procs.2019.01.007},
    url = {https://www.sciencedirect.com/science/article/pii/S1877050919300079},
    author = {I. Sadgali and N. Sael and F. Benabbou},
    keywords = {Fraud detection, financial fraud, machine-learning, performance}
}

@article{amel-2020,
  title={Machine learning-based financial statement analysis},
  author={Amel-Zadeh, Amir and Calliess, Jan-Peter and Kaiser, Daniel and Roberts, Stephen},
  journal={Available at SSRN 3520684},
  year={2020},
  month = {November},
  doi = {http://dx.doi.org/10.2139/ssrn.3520684}
}